<?xml version="1.0" encoding="UTF-8"?><collection xmlns="http://www.loc.gov/MARC21/slim"><record><leader>00372nam--2200145-i-4500</leader><controlfield tag="001">000045679</controlfield><controlfield tag="002">20161230</controlfield><controlfield tag="005">20161230201045</controlfield><controlfield tag="008">060222s1000------------r-----000-0-eng-d</controlfield><datafield ind1=" " ind2=" " tag="080"><subfield code="a">537.565</subfield></datafield><datafield ind1=" " ind2=" " tag="100"><subfield code="a">Tyndall, A.M</subfield></datafield><datafield ind1=" " ind2=" " tag="245"><subfield code="a">The mobility of positive ions in gases</subfield></datafield><datafield ind1=" " ind2=" " tag="260"><subfield code="a">Cambridge, Univ.Press, 1938, Ix+91p</subfield></datafield><datafield ind1=" " ind2=" " tag="490"><subfield code="a">Cambridge Physical Tracts</subfield></datafield><datafield ind1=" " ind2=" " tag="852"><subfield code="a">2140</subfield></datafield></record></collection>